% Książka.
@book{haykin1999,
    author    = "Simon O. Haykin",
    title     = "Neural Networks: A Comprehensive Foundation, 2nd Edition",
    publisher = "Pearson Education",
    address   = "Ontario Canada",
    year      = "1999",
}
@book{osowski2013,
    author    = "Stanisław Osowski",
    title     = "Sieci neuronowe do przetwarzania informacji",
    publisher = "Oficyna Wydawnicza Politechniki Warszawskiej",
    address   = "Warszawa",
    year      = "2013",
}
@book{wawrzynski2019,
    author    = "Paweł Wawrzyński",
    title     = "Podstawy sztucznej inteligencji",
    publisher = "Oficyna Wydawnicza Politechniki Warszawskiej",
    address   = "Warszawa",
    year      = "2019",
}
@book{tatjewski2016,
    author    = "Piotr Tatjewski",
    title     = "Sterowanie zaawansowane obiektów przemysłowych. Struktury i algorytmy",
    publisher = "Akademicka Oficyna Wydawnicza EXIT",
    address   = "Warszawa",
    year      = "2016",
}
@book{nielsen2015,
    author    = "Michael A. Nielsen",
    title     = "Neural Networks and Deep Learning",
    publisher = "Determination Press",
    year      = "2015",
}
% Fragment książki (np. zakres stron).
@inbook{osowskiOBD,
    author      = "Stanisław Osowski",
    title       = "Sieci neuronowe do przetwarzania informacji",
    publisher   = "Oficyna Wydawnicza Politechniki Warszawskiej",
    pages       = "101--107",
    year        = "2013"
}

% Artykuł w recenzowanym czasopiśmie.
@article{hornik1991,
    author    = "Hornik K.",
    title     = "Approximation capabilities of multilayer feedforward networks",
    journal   = "Neural Networks",
    volume    = "4",
    number    = "2",
    pages     = "251--257",
    year      = "1991",
}

% Artykuł w recenzowanym czasopiśmie.
@article{chaber2018,
    author    = "Chaber P., Ławryńczuk M.",
    title     = "Pruning of recurrent neural models: an optimal brain damage approach",
    journal   = "Nonlinear Dynamics",
    volume    = "92",
    pages     = "763--780",
    year      = "2018",
}

% Artykuł w recenzowanym czasopiśmie.
@article{kiti2009,
    author    = "Kittisupakorn P., Thitiyasook P.",
    title     = "Neural network based model predictive control for a steel pickling process",
    journal   = "Journal of Process Control",
    volume    = "19",
    pages     = "579--590",
    year      = "2009",
}

% Artykuł w recenzowanym czasopiśmie.
@article{hosen2011,
    author    = "Hosen M.A., Hussain M.A., Mjalli F.S.",
    title     = "Control of polystyrene batch reactors using neural network based model predictive control (NNMPC): An experimental investigation",
    journal   = "Control Engineering Practice",
    volume    = "19",
    pages     = "454--467",
    year      = "2011",
}

% Artykuł w recenzowanym czasopiśmie.
@article{afram2017,
    author    = "Afram A., Janabi-Sharifi F.",
    title     = "Artificial Neural Network (ANN) based Model Predictive Control (MPC) and Optimization of HVAC Systems: A State of the Art Review and Case Study of a Residential HVAC System",
    journal   = "Energy and Buildings",
    volume    = "141",
    pages     = "",
    year      = "2017",
}

% Publikacja konferencyjna.
@inproceedings{lecun1989,
    author       = "Yann Le Cun, John S. Denker, Sara A. Solla",
    title        = "Optimal Brain Damage",
    booktitle    = "Advances in Neural Information Processing Systems 2",
    year         = "1989",
}

% Publikacja konferencyjna.
@inproceedings{kavzoglu1998,
    author       = "Kavzoglu T., Mather M. P.",
    title        = "Assessing Artificial Neural Network Pruning Algorithms",
    booktitle    = "24th Annual Conference and Exhibition of the Remote Sensing Society",
    year         = "1998",
}

% Publikacja konferencyjna.
@inproceedings{hassibi1993,
    author       = "Hassibi B., Stork D.G., Wolff G.J.",
    title        = "Optimal Brain Surgeon and general network pruning",
    booktitle    = "IEEE International Conference on Neural Networks",
    year         = "1993",
}
% Publikacja konferencyjna.
@inproceedings{dmc1979,
    author       = "Culter C.R., Ramker B.L.",
    title        = "Dynamic matrix control – a computer control algorithm.",
    booktitle    = "Proceedings of the AIChE National Meeting, Houston, USA",
    year         = "1979",
}

% Raport techniczny.
@book{stp2009,
    author      = "Maciej Ławryńczuk",
    title       = "Sterowanie procesów ciągłych, preskrypt",
    publisher = "Politechnika Warszawska",
    year        = "2009"
}